@book{nielsen1993usability,
  title={Usability engineering},
  author={Nielsen, J.},
  isbn={9780125184069},
  lccn={93000488},
  series={The Morgan Kaufmann Ser. in Interactive Technologies Series},
  url={http://books.google.de/books?id=hWrlTgEACAAJ},
  year={1993},
  publisher={Academic Press}
}

@book{smith2010postgresql,
  title={PostgreSQL 9.0 High Performance},
  author={Smith, G.},
  isbn={9781849510301},
  url={http://books.google.ch/books?id=gCi3cQAACAAJ},
  year={2010},
  publisher={Packt Publishing, Limited}
}

@book{mednieks2012programming,
  title={Programming Android: Java Programming for the New Generation of Mobile Devices},
  author={Mednieks, Z. and Dornin, L. and Meike, G.B. and Nakamura, M.},
  isbn={9781449316648},
  url={http://books.google.ch/books?id=kcg9qAAACAAJ},
  year={2012},
  publisher={Oreilly \& Associates Inc}
}

@phdthesis{Fielding:2000:ASD:932295,
  added-at = {2012-01-09T20:32:30.000+0100},
  author = {Fielding, Roy Thomas},
  biburl = {http://www.bibsonomy.org/bibtex/2c5fbfdf47178850ca7cbc0851bfcc95f/clemensbaier},
  description = {Architectural styles and the design of network-based software architectures},
  interhash = {833ffb7e240120036017a40097125555},
  intrahash = {c5fbfdf47178850ca7cbc0851bfcc95f},
  isbn = {0-599-87118-0},
  keywords = {api representational rest state transfer},
  note = {AAI9980887},
  publisher = {University of California, Irvine},
  timestamp = {2012-01-09T20:32:30.000+0100},
  title = {Architectural styles and the design of network-based software architectures},
  year = 2000
}

@book{masse2011rest,
  title={REST API Design Rulebook},
  author={Masse, M.},
  isbn={9781449319908},
  url={http://books.google.ch/books?id=eABpzyTcJNIC},
  year={2011},
  publisher={O'Reilly Media}
}

@book{richardson2007restful,
  title={RESTful web services},
  author={Richardson, L. and Ruby, S.},
  isbn={9780596529260},
  lccn={2007278140},
  series={O'Reilly Series},
  url={http://books.google.ch/books?id=XUaErakHsoAC},
  year={2007},
  publisher={O'Reilly}
}
