@book{masse2011rest,
  title={REST API Design Rulebook},
  author={Masse, M.},
  isbn={9781449319908},
  url={http://books.google.ch/books?id=eABpzyTcJNIC},
  year={2011},
  publisher={O'Reilly Media}
}
